<?xml version="1.0" encoding="UTF-8"?>
<record xmlns="http://www.loc.gov/MARC21/slim">
  <leader>01224nas a2200361Ia 4500</leader>
  <controlfield tag="001">3630841</controlfield>
  <controlfield tag="005">20110120161300.0</controlfield>
  <controlfield tag="008">750720d18331833maumr pa      0   a0eng c</controlfield>
  <datafield tag="010" ind1=" " ind2=" ">
    <subfield code="a">  2010219087</subfield>
    <subfield code="z">06016827</subfield>
  </datafield>
  <datafield tag="012" ind1=" " ind2=" ">
    <subfield code="l">1</subfield>
  </datafield>
  <datafield tag="022" ind1="0" ind2=" ">
    <subfield code="a">2154-5146</subfield>
    <subfield code="2">1</subfield>
  </datafield>
  <datafield tag="035" ind1=" " ind2=" ">
    <subfield code="a">(OCoLC)1460563</subfield>
    <subfield code="z">(OCoLC)2898623</subfield>
    <subfield code="z">(OCoLC)7159635</subfield>
  </datafield>
  <datafield tag="035" ind1=" " ind2=" ">
    <subfield code="a">ocm01460563</subfield>
  </datafield>
  <datafield tag="040" ind1=" " ind2=" ">
    <subfield code="a">MUL</subfield>
    <subfield code="c">MUL</subfield>
    <subfield code="d">NYG</subfield>
    <subfield code="d">OCL</subfield>
    <subfield code="d">DLC</subfield>
    <subfield code="d">ZCU</subfield>
    <subfield code="d">OCLCQ</subfield>
    <subfield code="d">STF</subfield>
    <subfield code="d">HLS</subfield>
    <subfield code="d">KRTAS</subfield>
    <subfield code="d">DLC</subfield>
  </datafield>
  <datafield tag="042" ind1=" " ind2=" ">
    <subfield code="a">pcc</subfield>
    <subfield code="a">nsdp</subfield>
  </datafield>
  <datafield tag="049" ind1=" " ind2=" ">
    <subfield code="a">BRLL</subfield>
  </datafield>
  <datafield tag="050" ind1="0" ind2="0">
    <subfield code="a">E449</subfield>
    <subfield code="b">.A155</subfield>
  </datafield>
  <datafield tag="082" ind1="1" ind2="0">
    <subfield code="a">326</subfield>
    <subfield code="2">14</subfield>
  </datafield>
  <datafield tag="082" ind1="0" ind2="4">
    <subfield code="a">326.5</subfield>
    <subfield code="b">A15</subfield>
  </datafield>
  <datafield tag="099" ind1=" " ind2=" ">
    <subfield code="a">res. 5572.58</subfield>
  </datafield>
  <datafield tag="222" ind1=" " ind2="4">
    <subfield code="a">The Abolitionist</subfield>
    <subfield code="b">(Boston, Mass.)</subfield>
  </datafield>
  <datafield tag="245" ind1="0" ind2="4">
    <subfield code="a">The Abolitionist.</subfield>
  </datafield>
  <datafield tag="246" ind1="1" ind2="3">
    <subfield code="a">Record of the New England Anti-Slavery Society</subfield>
  </datafield>
  <datafield tag="260" ind1=" " ind2=" ">
    <subfield code="a">[Boston :</subfield>
    <subfield code="b">New England Anti-Slavery Society,</subfield>
    <subfield code="c">1833] ;</subfield>
    <subfield code="e">(Boston :</subfield>
    <subfield code="f">Garrison and Knapp)</subfield>
  </datafield>
  <datafield tag="300" ind1=" " ind2=" ">
    <subfield code="a">1 v. ;</subfield>
    <subfield code="c">24 cm.</subfield>
  </datafield>
  <datafield tag="310" ind1=" " ind2=" ">
    <subfield code="a">Monthly</subfield>
  </datafield>
  <datafield tag="362" ind1="0" ind2=" ">
    <subfield code="a">Vol. 1, no. 1 (Jan. 1833)-v. 1, no. 12 (Dec. 1833).</subfield>
  </datafield>
  <datafield tag="500" ind1=" " ind2=" ">
    <subfield code="a">Title from caption.</subfield>
  </datafield>
  <datafield tag="530" ind1=" " ind2=" ">
    <subfield code="a">Also issued online and on microfilm from University Microfilms (American periodical series: 1800-1850).</subfield>
  </datafield>
  <datafield tag="650" ind1=" " ind2="0">
    <subfield code="a">Slavery</subfield>
    <subfield code="z">United States</subfield>
    <subfield code="v">Periodicals.</subfield>
  </datafield>
  <datafield tag="710" ind1="2" ind2=" ">
    <subfield code="a">New-England Anti-Slavery Society.</subfield>
  </datafield>
  <datafield tag="936" ind1=" " ind2=" ">
    <subfield code="a">Unknown</subfield>
    <subfield code="a">Jan. 1833</subfield>
  </datafield>
  <datafield tag="994" ind1=" " ind2=" ">
    <subfield code="a">C0</subfield>
    <subfield code="b">BRL</subfield>
  </datafield>
</record>
